@article{iso20048601,
  title={8601: 2004 data elements and interchange formats—information interchange—representation of dates and times},
  author={ISO, ISO},
  journal={International Organisation for Standardisation},
  year={2004}
}
@book{sommerville6,
  title={Software engineering},
  author={Sommerville, I.},
  isbn={9780201398151},
  lccn={95038788},
  series={International computer science series},
  url={http://books.google.it/books?id=Uoo\_AQAAIAAJ},
  year={2001},
  publisher={Addison-Wesley}
}
@book{sommerville7,
  title={Software Engineering},
  author={Sommerville, I.},
  isbn={9780321210265},
  lccn={2004007038},
  series={International computer science series},
  url={http://books.google.it/books?id=fIJQAAAAMAAJ},
  year={2004},
  publisher={Pearson/Addison-Wesley}
}
% Preso da: http://www.bibsonomy.org/bibtexkey/CHAOS1994/n770
@misc{chaos95,
  author = {{Standish Group}},
  note = {\url{http://www.cs.nmt.edu/~cs328/reading/Standish.pdf}},
  title = {Chaos Report},
  year = 1995
}
@book{swebok,
 author = {{IEEE Computer Society} and Bourque, Pierre and Fairley, Richard E.},
 title = {Guide to the Software Engineering Body of Knowledge (SWEBOK(R)): Version 3.0},
 year = {2014},
 isbn = {0769551661, 9780769551661},
 edition = {3rd},
 publisher = {IEEE Computer Society Press},
 address = {Los Alamitos, CA, USA}
}
@article{iso9126-1,
  title={IEC 9126-1: Software Engineering-Product Quality-Part 1: Quality Model},
  author={Iso, ISO},
  journal={Geneva, Switzerland: International Organization for Standardization},
  year={2001}
}
@TechReport{w3cwsglos,
  author      = "Hugo Haas and Allen Brown",
  title       = "Web Services Glossary",
  month       = feb,
  note        = "http://www.w3.org/TR/2004/NOTE-ws-gloss-20040211/",
  year        = "2004",
  bibsource   = "http://w2.syronex.com/jmr/w3c-biblio",
  type        = "{W3C} Note",
  institution = "W3C",
}
@book{aronoff,
  title={Geographic information systems: a management perspective},
  author={Aronoff, S.},
  lccn={cn89090266},
  url={https://books.google.it/books?id=8e9OAAAAMAAJ},
  year={1989},
  publisher={WDL Publications}
}
@book{iso924111,
  title={ISO 9241-11: 1998: Ergonomic Requirements for Office Work with Visual Display Terminals (VDTs) - Part 11: Guidance on Usability},
  author={International Organization For Standardization},
  url={https://books.google.it/books?id=TzXYZwEACAAJ},
  year={1998},
  publisher={International Organization for Standardization}
}
@inproceedings{accessibility,
 author = {Henry, Shawn Lawton and Abou-Zahra, Shadi and Brewer, Judy},
 title = {The Role of Accessibility in a Universal Web},
 booktitle = {Proceedings of the 11th Web for All Conference},
 series = {W4A '14},
 year = {2014},
 isbn = {978-1-4503-2651-3},
 location = {Seoul, Korea},
 pages = {17:1--17:4},
 articleno = {17},
 numpages = {4},
 url = {http://doi.acm.org/10.1145/2596695.2596719},
 doi = {10.1145/2596695.2596719},
 acmid = {2596719},
 publisher = {ACM},
 address = {New York, NY, USA},
 keywords = {accessibility, design for all, digital inclusion, inclusive design, mobile accessibility, people with disabilities, situational limitations, universal design, universal usability, universal web}
} 
@article{ieee830,
  title = {IEEE Recommended Practice for Software Requirements Specifications},
  abstract = {The content and qualities of a good software requirements
  specification (SRS) are described, and several sample SRS outlines are
  presented. This recommended practice is aimed at specifying the requirements
  of software to be developed, but can also be applied to assist in the
  selection of in-house and commercial software products. Guidelines for
  compliance with IEEE/EIA Std 12207.1-1997 are also provided},
  added-at = {2013-10-18T15:41:02.000+0200},
  interhash = {5ab05a13e3177cf394bf0a045f103efa},
  intrahash = {847e535ea47206773fded1b49a58ce99},
  journal = {IEEE Std 830-1998},
  keywords = {documentation dt engineering requirement software},
  timestamp = {2013-10-18T15:41:02.000+0200},
  year = 1998
}
